% Bibliography

@misc{hjorth-jensen,
	author = {Morten Hjorth-Jensen},
	title = {Computational Physics},
	school = {Department of Physics, University of Oslo},
	year = 2008
}

@misc{toulouse,
	author = {Julien Toulouse},
	title = {Introduction to density-functional theory},
	school = {Sorbonne Université and CNRS, Paris, France},
	year = 2019
}

@book{intro-ml,
    title={Introduction to Machine Learning with Python},
    author={Andreas C. Müller and Sarah Guido},
    isbn={978-1-449-36941-5},
    year={2017},
    publisher={O´Reilly Media, Inc. 1005 Gravenstein Highway North, Sebastopol, CA 95472}
}

@book{hands-on-ml,
    title={Hands-On Machine Learning with Scikit-Learn and TensorFlow},
    author={Aurélien Géron},
    isbn={978-1-491-96229-9},
    year={2017},
    publisher={O´Reilly Media, Inc. 1005 Gravenstein Highway North, Sebastopol, CA 95472}
}

@book{esl2,
    title={The Elements of Statistical Learning, Second Edition},
    author={ Trevor Hastie, Robert Tibshirani, Jerome Friedman},
    year={2008},
    series={Springer Series in Statistics},
    publisher={Springer}
}

@misc{fk2,
	author = {Silke Bühler Paschen and Peter Mohn},
	title = {Festkörperphysik II},
	school = {Technische Universität, Wien},
	year = 2020
}

@misc{dft-hutter,
	author = {Jürg Hutter},
	title = {Dichtefunktionaltheorie},
	school = {Physikalisch Chemisches Institut, Universität Zürich},
	year = 2004
}

@book{akt1,
	author = {Mario Pitschmann},
	title = {Atom-, Kern-, und Teilchenphysik I},
	school = {Atominstitut, Technische Universität Wien},
	year = 2020
}

@misc{physik4,
	author = {Quantum Device Lab ETH Zürich},
	title = {Physik IV, Einführung in die Quantenmechanik},
	school = {ETH Zürich}
}

@online{hande,
	author = {Toffoli Hande},
	title = {Lecture Notes on Principles of Density Functional Theory},
	school = {Department of Physics
			Middle East Technical University},
	addendum={accessed: 05.12.2020},
	url={http://www.physics.metu.edu.tr/~hande/teaching/741.html}
}


@misc{nobel-kohn,
	author = {W. Kohn},
	title = {Nobel Lecture: Electronic structure of matter—wave functions
and density functionals},
	school = {The Nobel Foundation},
	year = 1999
}

@article{GAP-intro,
	author = {Bartók A. P. and Scány G.},
	title = {Gaussian Approximation Potentials: A Brief Tutorial Introduction},
	journaltitle  = {J. Quantum Chem, 115, 1051–1057 },
	doi = {10.1002/qua.24927},
	year = 2014
}



@article{GAP-2009,
	author = {Albert P. Bartók and Mike C. Payne and Risi Kondor  and Gábor Csanyi},
	title = {Gaussian approximation potentials: The accuracy of quantum mechanics, without the electrons},
	year = 2009
}

@book{GAP-info-theory, 
	author = {David J.C. MacKay},
	title={Information Theory, Inference, and Learning Algorithms},
	publisher = { Cambridge University Press}, 
	school = {Cambridge University},
	year = 2003
}

@book{GAP-ML,
	author = {C. E. Rasmussen and C. K. I. Williams},
	title = {Gaussian Processes for Machine Learning},
	publisher = {the MIT Press}, 
	school = {Massachusetts Institute of Technology},
	year = 2006,
	isbn = {026218253X}
}





